<record><leader>00000cas a22000007a 4500</leader><controlfield tag="001">27878881</controlfield><controlfield tag="008">930408d18671uuucauwr ne      0    0eng d</controlfield><datafield ind1=" " ind2=" " tag="010"><subfield code="a">sn 93050984 </subfield></datafield><datafield ind1=" " ind2=" " tag="040"><subfield code="a">CUY</subfield><subfield code="b">eng</subfield><subfield code="c">CNK</subfield><subfield code="d">OCLCQ</subfield><subfield code="d">CSJ</subfield><subfield code="d">OCLCO</subfield><subfield code="d">OCLCF</subfield></datafield><datafield ind1="1" ind2=" " tag="029"><subfield code="a">AU@</subfield><subfield code="b">000020751742</subfield></datafield><datafield ind1=" " ind2=" " tag="042"><subfield code="a">msc</subfield></datafield><datafield ind1="0" ind2=" " tag="130"><subfield code="a">Santa Clara news (Santa Clara, Calif. : 1867)</subfield></datafield><datafield ind1="1" ind2="4" tag="245"><subfield code="a">The Santa Clara news.</subfield></datafield><datafield ind1=" " ind2=" " tag="260"><subfield code="a">Santa Clara, Cal. :</subfield><subfield code="b">J.M. Sullivan</subfield></datafield><datafield ind1=" " ind2=" " tag="300"><subfield code="a">v.</subfield></datafield><datafield ind1=" " ind2=" " tag="310"><subfield code="a">Weekly</subfield></datafield><datafield ind1="0" ind2=" " tag="362"><subfield code="a">Vol. 1, no. 1 (May 11, 1867)-</subfield></datafield><datafield ind1=" " ind2="4" tag="651"><subfield code="a">Santa Clara (Calif.)</subfield><subfield code="v">Newspapers.</subfield></datafield><datafield ind1=" " ind2="0" tag="651"><subfield code="a">Santa Clara County (Calif.)</subfield><subfield code="v">Newspapers.</subfield></datafield><datafield ind1=" " ind2="7" tag="655"><subfield code="a">Newspapers.</subfield><subfield code="2">fast</subfield><subfield code="0">(OCoLC)fst01423814</subfield></datafield><datafield ind1=" " ind2="7" tag="651"><subfield code="a">California</subfield><subfield code="z">Santa Clara County.</subfield><subfield code="2">fast</subfield><subfield code="0">(OCoLC)fst01206015</subfield></datafield><datafield ind1=" " ind2=" " tag="752"><subfield code="a">United States</subfield><subfield code="b">California</subfield><subfield code="c">Santa Clara</subfield><subfield code="d">Santa Clara.</subfield></datafield></record>